@article{blumberg1994strategies,
  title={Strategies for improving field service operations productivity and quality},
  author={Blumberg, Donald F},
  journal={Service Industries Journal},
  volume={14},
  number={2},
  pages={262--277},
  year={1994},
  publisher={Taylor \& Francis}
}

@article{hull1994field,
  title={The field service function in the electronics industry: Providing a link between customers and production/marketing},
  author={Hull, Dennis L and Cox, James F},
  journal={International Journal of Production Economics},
  volume={37},
  number={1},
  pages={115--126},
  year={1994},
  publisher={Elsevier}
}

@article{ulaga2011hybrid,
  title={Hybrid offerings: How manufacturing firms combine goods and services successfully},
  author={Ulaga, Wolfgang and Reinartz, Werner J},
  journal={Journal of Marketing},
  volume={75},
  number={6},
  pages={5--23},
  year={2011},
  publisher={SAGE Publications Sage CA: Los Angeles, CA}
}

@article{johnson1988cognitive,
  title={Cognitive analysis of expert and novice troubleshooting performance},
  author={Johnson, Scott D},
  journal={Performance Improvement Quarterly},
  volume={1},
  number={3},
  pages={38--54},
  year={1988},
  publisher={Wiley Online Library}
}

@article{lele1983good,
  title={Good product support is smart marketing},
  author={Lele, Milind M and Karmarkar, Uday S},
  journal={Harvard Business Review},
  volume={61},
  number={6},
  pages={124--132},
  year={1983}
}

@article{rejeb2020potentials,
  title={The potentials of augmented reality in supply chain management: A state-of-the-art review},
  author={Rejeb, Abderahman and Keogh, John G and Wamba, Samuel Fosso and Treiblmaier, Horst},
  journal={Management Review Quarterly},
  pages={819--856},
  volume={71},
  year={2021}
}

@article{rejeb2021ijpr,
  title={Potentials and challenges of augmented reality smart glasses in logistics and supply chain management: A systematic literature review},
  author={Rejeb, Abderahman and Keogh, John G and Leong, G Keong and Treiblmaier, Horst},
  journal={International Journal of Production Research},
  volume={59},
  number={12},
  pages={3747-3776},
  year={2021},
  publisher={Taylor \& Francis},
  DOI={10.1080/00207543.2021.1876942}
}

@article{abraham2017HBR,
  title={Augmented Reality is Already Improving Worker Performance},
  author={Abraham, Magid and Annunziata, Marco},
  journal={Harvard Business Review},
  volume={13},
  year={2017},
  month={March}
}

@article{coughlan2002action,
  title={Action research for operations management},
  author={Coughlan, Paul and Coghlan, David},
  journal={International Journal of Operations \& Production Management},
  volume={22},
  number={2},
  pages={220--240},
  year={2002},
  publisher={MCB UP Ltd}
}

@article{wuttke2022seeing,
  title={Seeing the bigger picture? {R}amping up production with the use of augmented reality},
  author={Wuttke, David and Upadhyay, Ankit and Siemsen, Enno and Wuttke-Linnemann, Alexandra},
  journal={Manufacturing \& Service Operations Management},
  volume={24},
  number={4},
  pages={2349--2366},
  year={2022},
  publisher={INFORMS}
}

@misc{BCG_Industry4.0,  
  title={Industry 4.0: The future of productivity and growth in manufacturing industries},
  author={R{\"u}{\ss}mann, Michael and Lorenz, Markus and Gerbert, Philipp and Waldner, Manuela and Justus, Jan and Engel, Pascal and Harnisch, Michael},
  howpublished={Boston Consulting Group},
  year={2015}, 
  month={April}
}

@article{porter2017HBR,
  title={Why every organization needs an augmented reality strategy},
  author={Porter, Michael E and Heppelmann, James E},
  journal={HBR’S 10 MUST},
  volume={85},
  year={2017}
}

@article{van2010survey,
  title={A survey of augmented reality technologies, applications and limitations},
  author={Van Krevelen, D and Poelman, Ronald},
  journal={International Journal of Virtual Reality},
  volume={9},
  number={2},
  pages={1--20},
  year={2010}
}

@article{bendapudi2002managing,
  title={Managing business-to-business customer relationships following key contact employee turnover in a vendor firm},
  author={Bendapudi, Neeli and Leone, Robert P},
  journal={Journal of Marketing},
  volume={66},
  number={2},
  pages={83--101},
  year={2002},
  publisher={SAGE Publications Sage CA: Los Angeles, CA}
}

@book{edmondson2012teaming,
  title={Teaming: How organizations learn, innovate, and compete in the knowledge economy},
  author={Edmondson, Amy C},
  year={2012},
  publisher={John Wiley \& Sons}
}

@article{maloney2019lasting,
  title={The lasting benefits of teams: Tie vitality after teams disband},
  author={Maloney, Mary M and Shah, Priti Pradhan and Zellmer-Bruhn, Mary and Jones, Stephen L},
  journal={Organization Science},
  volume={30},
  number={2},
  pages={260--279},
  year={2019},
  publisher={INFORMS}
}

@article{dixon2018reinventing,
  title={Reinventing customer service},
  author={Dixon, Matthew},
  journal={Harvard Business Review},
  volume={96},
  number={6},
  pages={82--90},
  year={2018}
}

@article{gwinner1998relational,
  title={Relational benefits in services industries: the customer’s perspective},
  author={Gwinner, Kevin P and Gremler, Dwayne D and Bitner, Mary Jo},
  journal={Journal of the Academy of Marketing Science},
  volume={26},
  pages={101--114},
  year={1998},
  publisher={Springer}
}

@article{beatty1996customer,
  title={Customer-sales associate retail relationships},
  author={Beatty, Sharon E and Mayer, Morris and Coleman, James E and Reynolds, Kristy Ellis and Lee, Jungki},
  journal={Journal of Retailing},
  volume={72},
  number={3},
  pages={223--247},
  year={1996}
}

@incollection{crosby1991building,
  title={Building and maintaining quality in the service relationship},
  author={Crosby, Lawrence A},
  booktitle={Service quality: Multidisciplinary and multinational perspectives},
  editor={Brown, Stephen Walter and Gummersson, Evert and Edvardsson, Bo and Gustavsson, BengtOve},
  pages={269--287},
  year={1991},
  publisher={Lexington Books}
}

@article{gremler1994internal,
  title={The internal service encounter},
  author={Gremler, Dwayne D and Jo Bitner, Mary and Evans, Kenneth R},
  journal={International Journal of Service Industry Management},
  volume={5},
  number={2},
  pages={34--56},
  year={1994},
  publisher={MCB UP Ltd}
}

@article{goodwin1996friendship,
  title={Friendship over the counter: how social aspects of service encounters influence consumer service loyalty},
  author={Goodwin, Cathy and Gremler, Dwayne D},
  journal={Advances in Services Marketing and Management},
  volume={5},
  pages={247--282},
  year={1996}
}

@article{bove2000customer,
  title={A customer-service worker relationship model},
  author={Bove, Liliana L and Johnson, Lester W},
  journal={International Journal of Service Industry Management},
  volume={11},
  number={5},
  pages={491--511},
  year={2000}
}

@article{rapaccini2014evaluating,
  title={Evaluating the use of mobile collaborative augmented reality within field service networks: the case of {O}c{\'e} {I}talia--{C}anon Group},
  author={Rapaccini, Mario and Porcelli, Isabella and Esp{\'\i}ndola, Dan{\'u}bia Bueno and Pereira, Carlos Eduardo},
  journal={Production \& Manufacturing Research},
  volume={2},
  number={1},
  pages={738--755},
  year={2014},
  publisher={Taylor \& Francis}
}

@article{espinosa2007familiarity,
  title={Familiarity, complexity, and team performance in geographically distributed software development},
  author={Espinosa, J Alberto and Slaughter, Sandra A and Kraut, Robert E and Herbsleb, James D},
  journal={Organization Science},
  volume={18},
  number={4},
  pages={613--630},
  year={2007},
  publisher={INFORMS}
}

@article{huckman2009team,
  title={Team familiarity, role experience, and performance: Evidence from {I}ndian software services},
  author={Huckman, Robert S and Staats, Bradley R and Upton, David M},
  journal={Management Science},
  volume={55},
  number={1},
  pages={85--100},
  year={2009},
  publisher={INFORMS}
}

@article{huckman2011fluid,
  title={Fluid tasks and fluid teams: The impact of diversity in experience and team familiarity on team performance},
  author={Huckman, Robert S and Staats, Bradley R},
  journal={Manufacturing \& Service Operations Management},
  volume={13},
  number={3},
  pages={310--328},
  year={2011},
  publisher={INFORMS}
}

@article{avgerinos2017team,
  title={Team familiarity and productivity in cardiac surgery operations: The effect of dispersion, bottlenecks, and task complexity},
  author={Avgerinos, Emmanouil and Gokpinar, Bilal},
  journal={Manufacturing \& Service Operations Management},
  volume={19},
  number={1},
  pages={19--35},
  year={2017},
  publisher={INFORMS}
}

@article{reagans2005individual,
  title={Individual experience and experience working together: Predicting learning rates from knowing who knows what and knowing how to work together},
  author={Reagans, Ray and Argote, Linda and Brooks, Daria},
  journal={Management Science},
  volume={51},
  number={6},
  pages={869--881},
  year={2005},
  publisher={INFORMS}
}

@article{kim2023learning,
  title={Learning in temporary teams: The varying effects of partner exposure by team member role},
  author={Kim, Song-Hee and Song, Hummy and Valentine, Melissa A},
  journal={Organization Science},
  volume={34},
  number={1},
  pages={433--455},
  year={2023},
  publisher={INFORMS}
}

@article{siemsen2009influence,
  title={The influence of psychological safety and confidence in knowledge on employee knowledge sharing},
  author={Siemsen, Enno and Roth, Aleda V and Balasubramanian, Sridhar and Anand, Gopesh},
  journal={Manufacturing \& Service Operations Management},
  volume={11},
  number={3},
  pages={429--447},
  year={2009},
  publisher={INFORMS}
}

@article{akcsin2021learning,
  title={Learning from many: Partner exposure and team familiarity in fluid teams},
  author={Ak{\c{s}}in, Zeynep and Deo, Sarang and J{\'o}nasson, J{\'o}nas Oddur and Ramdas, Kamalini},
  journal={Management Science},
  volume={67},
  number={2},
  pages={854--874},
  year={2021},
  publisher={INFORMS}
}

@article{cramton2001mutual,
  title={The mutual knowledge problem and its consequences for dispersed collaboration},
  author={Cramton, Catherine Durnell},
  journal={Organization Science},
  volume={12},
  number={3},
  pages={346--371},
  year={2001},
  publisher={INFORMS}
}

@article{campbell1988task,
  title={Task complexity: A review and analysis},
  author={Campbell, Donald J},
  journal={Academy of Management Review},
  volume={13},
  number={1},
  pages={40--52},
  year={1988}
}

@article{shamsie2013looking,
  title={Looking inside the dream team: Probing into the contributions of tacit knowledge as an organizational resource},
  author={Shamsie, Jamal and Mannor, Michael J},
  journal={Organization Science},
  volume={24},
  number={2},
  pages={513--529},
  year={2013},
  publisher={INFORMS}
}

@article{liu2012task,
  title={Task complexity: A review and conceptualization framework},
  author={Liu, Peng and Li, Zhizhong},
  journal={International Journal of Industrial Ergonomics},
  volume={42},
  number={6},
  pages={553--568},
  year={2012},
  publisher={Elsevier}
}

@article{harrison2003time,
  title={Time matters in team performance: Effects of member familiarity, entrainment, and task discontinuity on speed and quality},
  author={Harrison, David A and Mohammed, Susan and McGrath, Joseph E and Florey, Anna T and Vanderstoep, Scott W},
  journal={Personnel Psychology},
  volume={56},
  number={3},
  pages={633--669},
  year={2003},
  publisher={Wiley Online Library}
}

@article{mathieu2001product,
  title={Product services: from a service supporting the product to a service supporting the client},
  author={Mathieu, Val{\'e}rie},
  journal={Journal of Business \& Industrial Marketing},
  volume={16},
  number={1},
  pages={39--61},
  year={2001},
  publisher={MCB UP Ltd}
}

@article{schmenner2009manufacturing,
  title={Manufacturing, service, and their integration: some history and theory},
  author={Schmenner, Roger W},
  journal={International Journal of Operations \& Production Management},
  volume={29},
  number={5},
  pages={431--443},
  year={2009},
  publisher={Emerald Group Publishing Limited}
}

@article{voss1992applying,
  title={Applying service concepts in manufacturing},
  author={Voss, Chris},
  journal={International Journal of Operations \& Production Management},
  volume={12},
  number={4},
  pages={93--99},
  year={1992},
  publisher={MCB UP Ltd}
}

@article{seeliger2023augmented,
  title={Augmented reality for industrial quality inspection: An experiment assessing task performance and human factors},
  author={Seeliger, Arne and Cheng, Long and Netland, Torbj{\o}rn},
  journal={Computers in Industry},
  volume={151},
  pages={103985},
  year={2023},
  publisher={Elsevier}
}

@article{katz1982effects,
  title={The effects of group longevity on project communication and performance},
  author={Katz, Ralph},
  journal={Administrative Science Quarterly},
  pages={81--104},
  year={1982},
  publisher={JSTOR}
}

@article{littlepage1997effects,
  title={Effects of task experience and group experience on group performance, member ability, and recognition of expertise},
  author={Littlepage, Glenn and Robison, William and Reddington, Kelly},
  journal={Organizational Behavior and Human Decision Processes},
  volume={69},
  number={2},
  pages={133--147},
  year={1997},
  publisher={Elsevier}
}

@article{argote1995group,
  title={Group learning curves: the effects of turnover and task complexity on group performance},
  author={Argote, Linda and Insko, Chester A and Yovetich, Nancy and Romero, Anna A},
  journal={Journal of Applied Social Psychology},
  volume={25},
  number={6},
  pages={512--529},
  year={1995},
  publisher={Wiley Online Library}
}

@article{de2010augmented,
  title={Augmented reality for aircraft maintenance training and operations support},
  author={De Crescenzio, Francesca and Fantini, Massimiliano and Persiani, Franco and Di Stefano, Luigi and Azzari, Pietro and Salti, Samuele},
  journal={IEEE Computer Graphics and Applications},
  volume={31},
  number={1},
  pages={96--101},
  year={2010},
  publisher={IEEE}
}

@article{exadaktylos2013experimental,
  title={Experimental subjects are not different},
  author={Exadaktylos, Filippos and Esp{\'\i}n, Antonio M and Branas-Garza, Pablo},
  journal={Scientific Reports},
  volume={3},
  number={1},
  pages={1213},
  year={2013},
  publisher={Nature Publishing Group UK London}
}

@incollection{katok2018designing,
  title={Designing and conducting laboratory experiments},
  author={Katok, Elena},
  booktitle={The handbook of behavioral operations},
  pages={1--33},
  editor={Donohue, Karen and Katok, Elena and Leider, Stephen},
  year={2018},
  publisher={John Wiley \& Sons, Inc. Hoboken, NJ, USA}
}

@incollection{plott1987dimensions,
  title={Dimensions of parallelism: Some policy applications of experimental methods},
  author={Plott, Charles R},
  booktitle={Laboratory Experiments in Economics: Six points of view},
  editor={Roth, Alvin},
  year={1987},
  publisher={Cambridge University Press}
}

@article{ball1996subject,
  title={Subject pool choice and treatment effects in economic laboratory research},
  author={Ball, Sheryl B and Cech, Paula-Ann},
  journal={Research in experimental economics},
  volume={6},
  number={3},
  pages={239--292},
  year={1996},
  publisher={JAI Press Greenwich, CT}
}

@incollection{frechette2015,
    author = {Fréchette, Guillaume R.},
    title = "{Laboratory Experiments: Professionals Versus Students}",
    booktitle = "{Handbook of Experimental Economic Methodology}",
    editor={Fréchette, Guillaume R. and Schotter, Andrew},
    publisher = {Oxford University Press},
    year = {2015}
}

@article{bachrach2011rigor,
  title={Rigor in behavioral experiments: A basic primer for supply chain management researchers},
  author={Bachrach, Daniel G and Bendoly, Elliot},
  journal={Journal of Supply Chain Management},
  volume={47},
  number={3},
  pages={5--8},
  year={2011},
  publisher={Wiley Online Library}
}

@article{bolton2012managers,
  title={Managers and students as newsvendors},
  author={Bolton, Gary E and Ockenfels, Axel and Thonemann, Ulrich W},
  journal={Management Science},
  volume={58},
  number={12},
  pages={2225--2233},
  year={2012},
  publisher={INFORMS}
}

@article{abbey2017attention,
  title={Attention by design: Using attention checks to detect inattentive respondents and improve data quality},
  author={Abbey, James D and Meloy, Margaret G},
  journal={Journal of Operations Management},
  volume={53},
  pages={63--70},
  year={2017},
  publisher={Elsevier}
}

@article{ball2017plant,
  title={Do plant inspections predict future quality? {T}he role of investigator experience},
  author={Ball, George and Siemsen, Enno and Shah, Rachna},
  journal={Manufacturing \& Service Operations Management},
  volume={19},
  number={4},
  pages={534--550},
  year={2017},
  publisher={INFORMS}
}

@article{edmondson2009product,
  title={Product development and learning in project teams: The challenges are the benefits},
  author={Edmondson, Amy C and Nembhard, Ingrid M},
  journal={Journal of Product Innovation Management},
  volume={26},
  number={2},
  pages={123--138},
  year={2009},
  publisher={Wiley Online Library}
}

@article{gruenfeld2000groups,
  title={What do groups learn from their worldliest members? Direct and indirect influence in dynamic teams},
  author={Gruenfeld, Deborah H and Martorana, Paul V and Fan, Elliott T},
  journal={Organizational Behavior and Human Decision Processes},
  volume={82},
  number={1},
  pages={45--59},
  year={2000},
  publisher={Elsevier}
}

@article{choi2005old,
  title={Old wine in a new bottle: Impact of membership change on group creativity},
  author={Choi, Hoon-Seok and Thompson, Leigh},
  journal={Organizational Behavior and Human Decision Processes},
  volume={98},
  number={2},
  pages={121--132},
  year={2005},
  publisher={Elsevier}
}

@article{kane2005knowledge,
  title={Knowledge transfer between groups via personnel rotation: Effects of social identity and knowledge quality},
  author={Kane, Aim{\'e}e A and Argote, Linda and Levine, John M},
  journal={Organizational Behavior and Human Decision Processes},
  volume={96},
  number={1},
  pages={56--71},
  year={2005},
  publisher={Elsevier}
}

@article{berman2002tacit,
  title={Tacit knowledge as a source of competitive advantage in the National Basketball Association},
  author={Berman, Shawn L and Down, Jonathan and Hill, Charles WL},
  journal={Academy of Management Journal},
  volume={45},
  number={1},
  pages={13--31},
  year={2002},
  publisher={Academy of Management Briarcliff Manor, NY 10510}
}

@book{argote2012organizational,
  title={Organizational learning: Creating, retaining and transferring knowledge},
  author={Argote, Linda},
  year={2012},
  publisher={Springer Science \& Business Media}
}

@article{ramachandran2017help,
    author = {Ramachandran, Karthik and Tereyagoglu, Necati and Unal, Murat},
    year = {2017},
    title = {Help or hindrance? {T}he role of familiarity in collaborative product development},
    note = {Available at SSRN: https://ssrn.com/abstract=3000522}
}

@article{herbsleb1999architectures,
  title={Architectures, coordination, and distance: Conway's law and beyond},
  author={Herbsleb, James D and Grinter, Rebecca E},
  journal={IEEE software},
  volume={16},
  number={5},
  pages={63--70},
  year={1999},
  publisher={IEEE}
}

@article{olson2000distance,
  title={Distance matters},
  author={Olson, Gary M and Olson, Judith S},
  journal={Human--computer interaction},
  volume={15},
  number={2-3},
  pages={139--178},
  year={2000},
  publisher={Taylor \& Francis}
}

@article{kankanhalli2006conflict,
  title={Conflict and performance in global virtual teams},
  author={Kankanhalli, Atreyi and Tan, Bernard CY and Wei, Kwok-Kee},
  journal={Journal of Management Information Systems},
  volume={23},
  number={3},
  pages={237--274},
  year={2006},
  publisher={Taylor \& Francis}
}

@incollection{nandhakumar2002virtual,
  title={Virtual teams and lost proximity: Consequences on trust relationships},
  author={Nandhakumar, Joe},
  booktitle={Virtual Working – Social and Organisational Dynamics},
  editor={Jackson, Paul},
  year={2002},
  publisher={Routledge}
}

@article{daft1986organizational,
  title={Organizational information requirements, media richness and structural design},
  author={Daft, Richard L and Lengel, Robert H},
  journal={Management Science},
  volume={32},
  number={5},
  pages={554--571},
  year={1986},
  publisher={INFORMS}
}

@incollection{lewicki1996developing,
  title={Developing and maintaining trust in work relationships},
  author={Lewicki, Roy J and Bunker, Barbara B and others},
  booktitle={Trust in organizations: Frontiers of theory and research},
  editor={Kramer, Roderick M. and Tyler, Tom R.},
  publisher={ Sage Publications},
  year={1996}
}

@article{chae2015effects,
  title={Effects of task complexity on individual creativity through knowledge interaction: A comparison of temporary and permanent teams},
  author={Chae, Seongwook and Seo, Youngwook and Lee, Kun Chang},
  journal={Computers in Human Behavior},
  volume={42},
  pages={138--148},
  year={2015},
  publisher={Elsevier}
}

@article{shostack1987service,
  title={Service positioning through structural change},
  author={Shostack, G Lynn},
  journal={Journal of Marketing},
  volume={51},
  number={1},
  pages={34--43},
  year={1987},
  publisher={SAGE Publications Sage CA: Los Angeles, CA}
}

@article{kahn1997empirical,
  title={An empirical study of the relationships among co-location, integration, performance, and satisfaction},
  author={Kahn, Kenneth B and McDonough III, Edward F},
  journal={Journal of Product Innovation Management},
  volume={14},
  number={3},
  pages={161--178},
  year={1997},
  publisher={Wiley Online Library}
}

@article{hoegl2004team,
  title={Team member proximity and teamwork in innovative projects},
  author={Hoegl, Martin and Proserpio, Luigi},
  journal={Research Policy},
  volume={33},
  number={8},
  pages={1153--1165},
  year={2004},
  publisher={Elsevier}
}

@misc{teq,
	author = {{University of Colorado}},
	title = {Team Effectiveness Questionnaire},
	howpublished = {\url{https://www.cu.edu/sites/default/files/Team_effectiveness_questionnaire.pdf}},
	year = {},
	note = {,  adapted from London Leadership Academy, National Health  Service. (n.d.)},
}

@article{susanteq,
author = {Susan Amato-Henderson and Jon Sticklen},
title ={The Relationship between Teaming Effectiveness and Online Students’ Sense of Connectedness in a First-Year Engineering Program},
journal = {Proceedings of the Human Factors and Ergonomics Society Annual Meeting},
volume = {66},
number = {1},
pages = {1136-1140},
year = {2022},
doi = {10.1177/1071181322661525}
}

@article{faul2009statistical,
  title={Statistical power analyses using G* Power 3.1: Tests for correlation and regression analyses},
  author={Faul, Franz and Erdfelder, Edgar and Buchner, Axel and Lang, Albert-Georg},
  journal={Behavior research methods},
  volume={41},
  number={4},
  pages={1149--1160},
  year={2009},
  publisher={Springer}
}

@article{guzzo1996teams,
  title={Teams in organizations: Recent research on performance and effectiveness},
  author={Guzzo, Richard A and Dickson, Marcus W},
  journal={Annual review of psychology},
  volume={47},
  number={1},
  pages={307--338},
  year={1996},
  publisher={Annual Reviews 4139 El Camino Way, PO Box 10139, Palo Alto, CA 94303-0139, USA}
}